<record><leader>01081cam a2200289 a 4500</leader><controlfield tag="001">1379094</controlfield><controlfield tag="008">910610s1985    onc          f    0 eng c</controlfield><datafield ind1=" " ind2=" " tag="035"><subfield code="a">ocm23530897</subfield></datafield><datafield ind1=" " ind2=" " tag="040"><subfield code="b">eng</subfield></datafield><datafield ind1=" " ind2=" " tag="043"><subfield code="a">n-cn---</subfield></datafield><datafield ind1=" " ind2=" " tag="049"><subfield code="a">AEU</subfield><subfield code="b">eng</subfield></datafield><datafield ind1="0" ind2=" " tag="090"><subfield code="a">GOV DOC CA1 NH 15-75\ 1985</subfield></datafield><datafield ind1="0" ind2="0" tag="245"><subfield code="a">Consultation paper on housing.</subfield></datafield><datafield ind1=" " ind2=" " tag="260"><subfield code="a">Ottawa :</subfield><subfield code="b">Minister Responsible for Canada Mortgage and Housing Corporation,</subfield><subfield code="c">1985.</subfield></datafield><datafield ind1=" " ind2=" " tag="300"><subfield code="a">1 v. (various paging) :</subfield><subfield code="b">ill. ;</subfield><subfield code="c">28 cm.</subfield></datafield><datafield ind1=" " ind2=" " tag="336"><subfield code="a">text</subfield><subfield code="b">txt</subfield><subfield code="2">rdacontent</subfield></datafield><datafield ind1=" " ind2=" " tag="337"><subfield code="a">unmediated</subfield><subfield code="b">n</subfield><subfield code="2">rdamedia</subfield></datafield><datafield ind1=" " ind2=" " tag="338"><subfield code="a">volume</subfield><subfield code="b">nc</subfield><subfield code="2">rdacarrier</subfield></datafield><datafield ind1=" " ind2=" " tag="500"><subfield code="a">Text in English and French with French text on inverted pages.</subfield></datafield><datafield ind1=" " ind2=" " tag="500"><subfield code="a">Title on added t.p.: Document d'&#233;tude sur le logement.</subfield></datafield><datafield ind1=" " ind2=" " tag="596"><subfield code="a">38</subfield></datafield><datafield ind1=" " ind2="0" tag="650"><subfield code="a">Housing policy</subfield><subfield code="z">Canada.</subfield></datafield><datafield ind1=" " ind2="0" tag="650"><subfield code="a">Housing</subfield><subfield code="z">Canada.</subfield></datafield><datafield ind1=" " ind2="0" tag="650"><subfield code="a">Public housing</subfield><subfield code="z">Canada.</subfield></datafield><datafield ind1="2" ind2=" " tag="710"><subfield code="a">Canada Mortgage and Housing Corporation.</subfield></datafield><datafield ind1="0" ind2=" " tag="740"><subfield code="a">Document d'&#233;tude sur le logement.</subfield></datafield><datafield ind1=" " ind2=" " tag="926"><subfield code="a">GOV DOC CA1 NH 15-75/ 1985</subfield><subfield code="w">LC</subfield><subfield code="c">1</subfield><subfield code="i">000036755692</subfield><subfield code="l">ON_SHELF</subfield><subfield code="m">UABARD</subfield><subfield code="p">$150.00</subfield><subfield code="r">Y</subfield><subfield code="s">Y</subfield><subfield code="t">BOOK</subfield><subfield code="u">6/12/1991</subfield><subfield code="o">.STAFF. B0038052</subfield></datafield></record>